@article{Suzuki2010,
   author = {Suzuki, H. and Yano, H. and Brown, C. J. and Top, E. M.},
   title = {Predicting plasmid promiscuity based on genomic signature},
   journal = {J Bacteriol},
   volume = {192},
   number = {22},
   pages = {6045-55},
   year = {2010}
}

@article{Campbell1999,
   author = {Campbell, A. and Mrazek, J. and Karlin, S.},
   title = {Genome signature comparisons among prokaryote, plasmid, and mitochondrial DNA},
   journal = {Proc Natl Acad Sci U S A},
   volume = {96},
   number = {16},
   pages = {9184-9},
   year = {1999}
}

@article{vanPassel2006,
   author = {van Passel, M. W. and Kuramae, E. E. and Luyf, A. C. and Bart, A. and Boekhout, T.},
   title = {The reach of the genome signature in prokaryotes},
   journal = {BMC Evol Biol},
   volume = {6},
   number = {1},
   pages = {84},
   year = {2006}
}


@article{Rousseuw1987,
   author = {Rousseeuw, P. J.},
   title = {Silhouettes: A graphical aid to the interpretation and validation of cluster analysis},
   journal = {J Computational and Applied Mathematics},
   volume = {20},
   number = {1},
   pages = {53-65},
   year = {1987}
}


@article{Zheng2005,
   author = {Zheng, Y. and Anton, B. P. and Roberts, R. J. and Kasif, S.},
   title = {Phylogenetic detection of conserved gene clusters in microbial genomes},
   journal = {BMC Bioinformatics},
   volume = {6},
   pages = {243},
   year = {2005}
}


@article{Overbeek1999,
   author = {Overbeek, R. and Fonstein, M. and D'Souza, M. and Pusch, G. D. and Maltsev, N.},
   title = {The use of gene clusters to infer functional coupling},
   journal = {Proc Natl Acad Sci U S A},
   volume = {96},
   number = {6},
   pages = {2896-2901},
   year = {1999}
}


@Manual{RProject,
    title = {R: A Language and Environment for Statistical Computing},
    author = {{R Development Core Team}},
    organization = {R Foundation for Statistical Computing},
    address = {Vienna, Austria},
    year = {2012},
    note = {{ISBN} 3-900051-07-0},
    url = {http://www.R-project.org/},
}


@book{Hastie2009,
   author = {Hastie, Trevor and Tibshirani, Robert and Friedman, J. H.},
   title = {The elements of statistical learning: data mining, inference, and prediction},
   publisher = {Springer},
   address = {New York, NY},
   edition = {2nd},
   series = {Springer series in statistics},
   pages = {xxii, 746 p.},
   year = {2009}
}


@article{Muro2011,
   author = {Muro, E. M. and Mah, N. and Moreno-Hagelsieb, G. and Andrade-Navarro, M. A.},
   title = {The pseudogenes of {\emph{Mycobacterium leprae}} reveal the functional relevance of gene order within operons},
   journal = {Nucleic Acids Res},
   volume = {39},
   number = {5},
   pages = {1732-8},
   year = {2011}
}


@article{Lopez2011,
   author = {Lopez-Ramirez, V. and Alcaraz, L. D. and Moreno-Hagelsieb, G. and Olmedo-Alvarez, G.},
   title = {Phylogenetic distribution and evolutionary history of bacterial {DEAD-Box} proteins},
   journal = {J Mol Evol},
   volume = {72},
   number = {4},
   pages = {413-31},
   year = {2011}
}


@article{Janga2011,
   author = {Janga, S. C. and Diaz-Mejia, J. J. and Moreno-Hagelsieb, G.},
   title = {Network-based function prediction and interactomics: the case for metabolic enzymes},
   journal = {Metab Eng},
   volume = {13},
   number = {1},
   pages = {1-10},
   year = {2011}
}


@article{Bartram2011,
   author = {Bartram, A. K. and Lynch, M. D. and Stearns, J. C. and Moreno-Hagelsieb, G. and Neufeld, J. D.},
   title = {Generation of multimillion-sequence {16S rRNA} gene libraries from complex microbial communities by assembling paired-end illumina reads},
   journal = {Appl Environ Microbiol},
   volume = {77},
   number = {11},
   pages = {3846-52},
   year = {2011}
}


@article{Vey2010,
   author = {Vey, G. and Moreno-Hagelsieb, G.},
   title = {Beyond the bounds of orthology: functional inference from metagenomic context},
   journal = {Mol Biosyst},
   volume = {6},
   number = {7},
   pages = {1247-54},
   year = {2010}
}


@article{Salazar2010,
   author = {Salazar, E. and Diaz-Mejia, J. J. and Moreno-Hagelsieb, G. and Martinez-Batallar, G. and Mora, Y. and Mora, J. and Encarnacion, S.},
   title = {Characterization of the {NifA-RpoN} regulon in {\emph{Rhizobium etli}} in free life and in symbiosis with {\emph{Phaseolus vulgaris}}},
   journal = {Appl Environ Microbiol},
   volume = {76},
   number = {13},
   pages = {4510-20},
   year = {2010}
}


@article{Alcaraz2010,
   author = {Alcaraz, L. D. and Moreno-Hagelsieb, G. and Eguiarte, L. E. and Souza, V. and Herrera-Estrella, L. and Olmedo, G.},
   title = {Understanding the evolutionary relationships and major traits of Bacillus through comparative genomics},
   journal = {BMC Genomics},
   volume = {11},
   pages = {332},
   year = {2010}
}


@article{Wu2009,
   author = {Wu, D. and Hugenholtz, P. and Mavromatis, K. and Pukall, R. and Dalin, E. and Ivanova, N. N. and Kunin, V. and Goodwin, L. and Wu, M. and Tindall, B. J. and Hooper, S. D. and Pati, A. and Lykidis, A. and Spring, S. and Anderson, I. J. and D'Haeseleer, P. and Zemla, A. and Singer, M. and Lapidus, A. and Nolan, M. and Copeland, A. and Han, C. and Chen, F. and Cheng, J. F. and Lucas, S. and Kerfeld, C. and Lang, E. and Gronow, S. and Chain, P. and Bruce, D. and Rubin, E. M. and Kyrpides, N. C. and Klenk, H. P. and Eisen, J. A.},
   title = {A phylogeny-driven genomic encyclopaedia of {Bacteria} and {Archaea}},
   journal = {Nature},
   volume = {462},
   number = {7276},
   pages = {1056-60},
   year = {2009}
}


@article{Hu2009,
   author = {Hu, P. and Janga, S. C. and Babu, M. and Diaz-Mejia, J. J. and Butland, G. and Yang, W. and Pogoutse, O. and Guo, X. and Phanse, S. and Wong, P. and Chandran, S. and Christopoulos, C. and Nazarians-Armavil, A. and Nasseri, N. K. and Musso, G. and Ali, M. and Nazemof, N. and Eroukova, V. and Golshani, A. and Paccanaro, A. and Greenblatt, J. F. and Moreno-Hagelsieb, G. and Emili, A.},
   title = {Global functional atlas of Escherichia coli encompassing previously uncharacterized proteins},
   journal = {PLoS Biol},
   volume = {7},
   number = {4},
   pages = {e96},
   year = {2009}
}


@article{D2009,
   author = {D'Elia, M. A. and Millar, K. E. and Bhavsar, A. P. and Tomljenovic, A. M. and Hutter, B. and Schaab, C. and Moreno-Hagelsieb, G. and Brown, E. D.},
   title = {Probing teichoic acid genetics with bioactive molecules reveals new interactions among diverse processes in bacterial cell wall biogenesis},
   journal = {Chem Biol},
   volume = {16},
   number = {5},
   pages = {548-56},
   year = {2009}
}


@article{Camacho2009,
   author = {Camacho, C. and Coulouris, G. and Avagyan, V. and Ma, N. and Papadopoulos, J. and Bealer, K. and Madden, T. L.},
   title = {{BLAST+}: architecture and applications},
   journal = {BMC Bioinformatics},
   volume = {10},
   pages = {421},
   year = {2009}
}


@article{Moreno2008a,
   author = {Moreno-Hagelsieb, G. and Latimer, K.},
   title = {Choosing {BLAST} options for better detection of orthologs as reciprocal best hits},
   journal = {Bioinformatics},
   volume = {24},
   number = {3},
   pages = {319-24},
   year = {2008}
}


@article{Moreno2008b,
   author = {Moreno-Hagelsieb, G. and Janga, S. C.},
   title = {Operons and the effect of genome redundancy in deciphering functional relationships using phylogenetic profiles},
   journal = {Proteins},
   volume = {70},
   number = {2},
   pages = {344-52},
   year = {2008}
}


@article{Moreno2008c,
   author = {Moreno-Hagelsieb, G.},
   title = {Inferring functional relationships from conservation of gene order},
   journal = {Methods Mol Biol},
   volume = {453},
   pages = {181-99},
   year = {2008}
}


@article{Martinez2008,
   author = {Martinez-Guerrero, C. E. and Ciria, R. and Abreu-Goodger, C. and Moreno-Hagelsieb, G. and Merino, E.},
   title = {{GeConT} 2: gene context analysis for orthologous proteins, conserved domains and metabolic pathways},
   journal = {Nucleic Acids Res},
   volume = {36},
   number = {Web Server issue},
   pages = {W176-80},
   year = {2008}
}


@article{Pruitt2007,
   author = {Pruitt, K. D. and Tatusova, T. and Maglott, D. R.},
   title = {{NCBI} reference sequences ({RefSeq}): a curated non-redundant sequence database of genomes, transcripts and proteins},
   journal = {Nucleic Acids Res},
   volume = {35},
   number = {Database issue},
   pages = {D61-5},
   year = {2007}
}


@article{Moreno2007,
   author = {Moreno-Hagelsieb, L. and Foultier, B. and Laurent, G. and Pampin, R. and Remacle, J. and Raskin, J. P. and Flandre, D.},
   title = {Electrical detection of DNA hybridization: three extraction techniques based on interdigitated Al/Al2O3 capacitors},
   journal = {Biosens Bioelectron},
   volume = {22},
   number = {9-10},
   pages = {2199-207},
   year = {2007}
}


@article{Moreno2006,
   author = {Moreno-Hagelsieb, G.},
   title = {Operons Across Prokaryotes: Genomic Analyses and Predictions 300+ Genomes Later},
   journal = {Current Genomics},
   volume = {7},
   pages = {163-70},
   abstract = {With operon predictions based on conservation of gene order and 330 Prokaryotic genomes available, I am able to show that in most of the genomes analyzed about 70% of the genes in operons are separated by distances of -20 to 30 base pairs. Most of the differences in this tendency might be related to the appearance of signals inside the operons. However, a closer look at the extreme exceptions confirms that annotation problems are partly responsible for inter-genic distance distributions that deviate from that of operons in Escherichia coli K12. I also argue that the inter-genic distances of adjacent genes in different transcription units (transcription unit boundaries or TUBs) should be expected to be more variable than those for genes in the same operon. Using phylogenetic profiles I show that predictions adjusted on a per genome basis might help increase the accuracy of operon predictions. Improvements in automated annotation might be necessary to fully evaluate the overall tendencies of genes in operons towards short inter-genic distances, and to better understand differences in regulatory complexity across Prokaryotes.},
   year = {2006}
}


@article{Janga2006,
   author = {Janga, S. C. and Lamboy, W. F. and Huerta, A. M. and Moreno-Hagelsieb, G.},
   title = {The distinctive signatures of promoter regions and operon junctions across prokaryotes},
   journal = {Nucleic Acids Res},
   volume = {34},
   number = {14},
   pages = {3980-7},
   year = {2006}
}


@article{Gonzalez2006,
   author = {Gonzalez, V. and Santamaria, R. I. and Bustos, P. and Hernandez-Gonzalez, I. and Medrano-Soto, A. and Moreno-Hagelsieb, G. and Janga, S. C. and Ramirez, M. A. and Jimenez-Jacinto, V. and Collado-Vides, J. and Davila, G.},
   title = {The partitioned Rhizobium etli genome: genetic and metabolic redundancy in seven interacting replicons},
   journal = {Proc Natl Acad Sci U S A},
   volume = {103},
   number = {10},
   pages = {3834-9},
   year = {2006}
}


@article{Ferreira2006,
   author = {Ferreira, A. O. and Myers, C. R. and Gordon, J. S. and Martin, G. B. and Vencato, M. and Collmer, A. and Wehling, M. D. and Alfano, J. R. and Moreno-Hagelsieb, G. and Lamboy, W. F. and DeClerck, G. and Schneider, D. J. and Cartinhour, S. W.},
   title = {Whole-genome expression profiling defines the HrpL regulon of Pseudomonas syringae pv. tomato DC3000, allows de novo reconstruction of the Hrp cis clement, and identifies novel coregulated genes},
   journal = {Mol Plant Microbe Interact},
   volume = {19},
   number = {11},
   pages = {1167-79},
   year = {2006}
}


@article{Janga2005,
   author = {Janga, S. C. and Collado-Vides, J. and Moreno-Hagelsieb, G.},
   title = {Nebulon: a system for the inference of functional relationships of gene products from the rearrangement of predicted operons},
   journal = {Nucleic Acids Res},
   volume = {33},
   number = {8},
   pages = {2521-30},
   year = {2005}
}


@article{Foultier2005,
   author = {Foultier, B. and Moreno-Hagelsieb, L. and Flandre, D. and Remacle, J.},
   title = {Comparison of DNA detection methods using nanoparticles and silver enhancement},
   journal = {IEE Proc Nanobiotechnol},
   volume = {152},
   number = {1},
   pages = {3-12},
   year = {2005}
}


@article{Medrano2004,
   author = {Medrano-Soto, A. and Moreno-Hagelsieb, G. and Vinuesa, P. and Christen, J. A. and Collado-Vides, J.},
   title = {Successful lateral transfer requires codon usage compatibility between foreign genes and recipient genomes},
   journal = {Mol Biol Evol},
   volume = {21},
   number = {10},
   pages = {1884-94},
   year = {2004}
}


@article{Lamboy2004,
   author = {Lamboy, W. F. and Moreno-Hagelsieb, G.},
   title = {A new method of solution for the occupancy problem and its application to operon size prediction},
   journal = {J Theor Biol},
   volume = {227},
   number = {3},
   pages = {315-22},
   year = {2004}
}


@article{Janga2004,
   author = {Janga, S. C. and Moreno-Hagelsieb, G.},
   title = {Conservation of adjacency as evidence of paralogous operons},
   journal = {Nucleic Acids Res},
   volume = {32},
   number = {18},
   pages = {5392-7},
   year = {2004}
}


@article{Jauregui2003,
   author = {Jauregui, R. and Abreu-Goodger, C. and Moreno-Hagelsieb, G. and Collado-Vides, J. and Merino, E.},
   title = {Conservation of DNA curvature signals in regulatory regions of prokaryotic genes},
   journal = {Nucleic Acids Res},
   volume = {31},
   number = {23},
   pages = {6770-7},
   year = {2003}
}


@article{Gonzalez2003,
   author = {Gonzalez, V. and Bustos, P. and Ramirez-Romero, M. A. and Medrano-Soto, A. and Salgado, H. and Hernandez-Gonzalez, I. and Hernandez-Celis, J. C. and Quintero, V. and Moreno-Hagelsieb, G. and Girard, L. and Rodriguez, O. and Flores, M. and Cevallos, M. A. and Collado-Vides, J. and Romero, D. and Davila, G.},
   title = {The mosaic structure of the symbiotic plasmid of Rhizobium etli CFN42 and its relation to other symbiotic genome compartments},
   journal = {Genome Biol},
   volume = {4},
   number = {6},
   pages = {R36},
   year = {2003}
}


@article{Moreno2002a,
   author = {Moreno-Hagelsieb, G. and Collado-Vides, J.},
   title = {Operon conservation from the point of view of Escherichia coli, and inference of functional interdependence of gene products from genome context},
   journal = {In Silico Biol},
   volume = {2},
   number = {2},
   pages = {87-95},
   year = {2002}
}


@article{Moreno2002b,
   author = {Moreno-Hagelsieb, G. and Collado-Vides, J.},
   title = {A powerful non-homology method for the prediction of operons in prokaryotes},
   journal = {Bioinformatics},
   volume = {18 Suppl 1},
   pages = {S329-36},
   year = {2002}
}


@article{Benitez2002,
   author = {Benitez-Bellon, E. and Moreno-Hagelsieb, G. and Collado-Vides, J.},
   title = {Evaluation of thresholds for the detection of binding sites for regulatory proteins in Escherichia coli K12 DNA},
   journal = {Genome Biol},
   volume = {3},
   number = {3},
   pages = {RESEARCH0013},
   year = {2002}
}


@article{Tan2001,
   author = {Tan, K. and Moreno-Hagelsieb, G. and Collado-Vides, J. and Stormo, G. D.},
   title = {A comparative genomics approach to prediction of new members of regulons},
   journal = {Genome Res},
   volume = {11},
   number = {4},
   pages = {566-84},
   year = {2001}
}


@article{Ramirez2001,
   author = {Ramirez-Benitez Mdel, C. and Moreno-Hagelsieb, G. and Almagro, J. C.},
   title = {VIR.II: a new interface with the antibody sequences in the Kabat database},
   journal = {Biosystems},
   volume = {61},
   number = {2-3},
   pages = {125-31},
   year = {2001}
}


@article{Moreno2001,
   author = {Moreno-Hagelsieb, G. and Trevino, V. and Perez-Rueda, E. and Smith, T. F. and Collado-Vides, J.},
   title = {Transcription unit conservation in the three domains of life: a perspective from Escherichia coli},
   journal = {Trends Genet},
   volume = {17},
   number = {4},
   pages = {175-7},
   year = {2001}
}


@article{Salgado2000,
   author = {Salgado, H. and Moreno-Hagelsieb, G. and Smith, T. F. and Collado-Vides, J.},
   title = {Operons in Escherichia coli: genomic analyses and predictions},
   journal = {Proc Natl Acad Sci U S A},
   volume = {97},
   number = {12},
   pages = {6652-7},
   year = {2000}
}


@article{Moreno1999,
   author = {Moreno-Hagelsieb, G. and Gomez-Puyou, A. and Soberon, X.},
   title = {Escherichia coli TEM1 beta-lactamase in CTAB reverse micelles: exchange/diffusion-limited catalysis},
   journal = {FEBS Lett},
   volume = {459},
   number = {1},
   pages = {111-4},
   year = {1999}
}


@article{Moreno1996,
   author = {Moreno-Hagelsieb, G. and Soberon, X.},
   title = {Protein engineering as a powerful tool for the chemical modification of enzymes},
   journal = {Biol Res},
   volume = {29},
   number = {1},
   pages = {127-40},
   year = {1996}
}


@article{Gurrola1994,
   author = {Gurrola, G. B. and Moreno-Hagelsieb, G. and Zamudio, F. Z. and Garcia, M. and Soberon, X. and Possani, L. D.},
   title = {The disulfide bridges of toxin 2 from the scorpion Centruroides noxius Hoffmann and its three-dimensional structure calculated using the coordinates of variant 3 from Centruroides sculpturatus},
   journal = {FEBS Lett},
   volume = {347},
   number = {1},
   pages = {59-62},
   year = {1994}
}

@article{Karlin1991,
   author = {Karlin, S. and Bucher, P. and Brendel, V. and Altschul, S. F.},
   title = {Statistical methods and insights for protein and DNA sequences},
   journal = {Annu Rev Biophys Biophys Chem},
   volume = {20},
   pages = {175-203},
   year = {1991}
}

@article{Kunin2005,
   author = {Kunin, V. and Ahren, D. and Goldovsky, L. and Janssen, P. and Ouzounis, C. A.},
   title = {Measuring genome conservation across taxa: divided strains and united kingdoms},
   journal = {Nucleic acids research},
   volume = {33},
   number = {2},
   pages = {616-21},
   year = {2005}
}

